<?xml version="1.0" encoding="UTF-8"?>
<record xmlns="http://www.loc.gov/MARC21/slim" xmlns:xsi="http://www.w3.org/2001/XMLSchema-instance" xsi:schemaLocation="http://www.loc.gov/MARC21/slim http://www.loc.gov/standards/marcxml/schema/MARC21slim.xsd">
<leader>     cam a2200301 a 4500</leader>
<controlfield tag="001">002774132</controlfield>
<controlfield tag="003">NNU</controlfield>
<controlfield tag="005">20061010172037.0</controlfield>
<controlfield tag="008">860731q19801986ir            000 0 ara</controlfield>
<datafield tag="010" ind1=" " ind2=" ">
<subfield code="a">84931632 /NE</subfield>
</datafield>
<datafield tag="035" ind1="9" ind2=" ">
<subfield code="a">NYUb10476787</subfield>
</datafield>
<datafield tag="035" ind1=" " ind2=" ">
<subfield code="a">(CStRLIN)NYUG86-B26949</subfield>
</datafield>
<datafield tag="040" ind1=" " ind2=" ">
<subfield code="a">DLC-R</subfield>
<subfield code="c">DLC-R</subfield>
</datafield>
<datafield tag="050" ind1="0" ind2="0">
<subfield code="a">PJ6101.I193</subfield>
<subfield code="b">A9 1980z &lt;Orien Arab&gt;</subfield>
</datafield>
<datafield tag="066" ind1=" " ind2=" ">
<subfield code="c">(3</subfield>
</datafield>
<datafield tag="090" ind1=" " ind2=" ">
<subfield code="a">PJ6101.I193</subfield>
<subfield code="b">A9 1980z</subfield>
</datafield>
<datafield tag="100" ind1="1" ind2=" ">
<subfield code="a">Azharī, Khālid ibn ʻAbd Allāh,</subfield>
<subfield code="d">d. 1499</subfield>
<subfield code="6">880-01</subfield>
</datafield>
<datafield tag="245" ind1="1" ind2="0">
<subfield code="6">880-02</subfield>
<subfield code="a">Sharḥ al-Taṣrīḥ ʻalá al-Tawḍīḥ /</subfield>
<subfield code="c">li-Khālid ibn ʻAbd Allāh al-Azharī ʻalá Alfīyat ibn Mālik fī al-naḥw wa-al-ṣarf li-Jamāl al-Dīn Abī Muḥammad ibn ʻAbd Allāh ibn Yūsuf Hishām al-Anṣārī ; wa-bi-hāmishihi ḥāshiyatihi li-Yāsīn ibn Zayn al-Dīn al-ʻUlaymī al-Ḥimṣī.</subfield>
</datafield>
<datafield tag="260" ind1=" " ind2=" ">
<subfield code="6">880-03</subfield>
<subfield code="a">Ṭihrān, Īrān :</subfield>
<subfield code="b">Intishārāt-i Nāṣir Khusraw,</subfield>
<subfield code="c">[198-?]</subfield>
</datafield>
<datafield tag="300" ind1=" " ind2=" ">
<subfield code="a">2 v. ;</subfield>
<subfield code="c">30 cm.</subfield>
</datafield>
<datafield tag="600" ind1="1" ind2="0">
<subfield code="a">Ibn Hishām, ʻAbd Allāh ibn Yūsuf,</subfield>
<subfield code="d">1309-1360.</subfield>
<subfield code="t">Awḍaḥ al-masālik ilá Alfīyat Ibn Mālik</subfield>
<subfield code="6">880-04</subfield>
</datafield>
<datafield tag="650" ind1=" " ind2="0">
<subfield code="a">Arabic language</subfield>
<subfield code="x">Grammar.</subfield>
</datafield>
<datafield tag="700" ind1="1" ind2=" ">
<subfield code="a">ʻUlaymī, Yāsīn ibn Zayn al-Dīn,</subfield>
<subfield code="d">d. 1650 or 51</subfield>
<subfield code="6">880-05</subfield>
</datafield>
<datafield tag="880" ind1="1" ind2=" ">
<subfield code="6">100-01/</subfield>
<subfield code="a">الأزهري، خالد بن عبد الله.</subfield>
</datafield>
<datafield tag="880" ind1="1" ind2="0">
<subfield code="6">245-02/</subfield>
<subfield code="a">شرح التصريح على التوضيح /</subfield>
<subfield code="c">لخالد بن عبد الله الأزهري على الفية ابن مالك في النحو والصرف لجمال الدين أبي محمد بن عبد الله بن يوسف بن هشام الانصاري ؛ وبهامشه حاشيته ليس بن زين الدين العليمي الحمصي.</subfield>
</datafield>
<datafield tag="880" ind1=" " ind2=" ">
<subfield code="6">260-03/</subfield>
<subfield code="a">طهران، ايران :</subfield>
<subfield code="b">انتشارات ناصر خسرو،</subfield>
<subfield code="c">[198-?]</subfield>
</datafield>
<datafield tag="880" ind1="1" ind2="4">
<subfield code="6">600-04/</subfield>
<subfield code="a">ابن هشام، عبد الله بن يوسف.</subfield>
<subfield code="t">أوضح المسالك إلى ألفية بن مالك.</subfield>
</datafield>
<datafield tag="880" ind1="1" ind2=" ">
<subfield code="6">700-05/</subfield>
<subfield code="a">عليمي، يس بن زين الدين.</subfield>
</datafield>
<datafield tag="OWN" ind1=" " ind2=" ">
<subfield code="a">GENERAL</subfield>
</datafield>
<datafield tag="998" ind1=" " ind2=" ">
<subfield code="a">20010627</subfield>
<subfield code="d">19860731</subfield>
<subfield code="d">20010627</subfield>
<subfield code="n">NNU</subfield>
<subfield code="s">1</subfield>
<subfield code="t">c</subfield>
<subfield code="z">p</subfield>
</datafield>
<datafield tag="AVA" ind1=" " ind2=" ">
<subfield code="a">NYU50</subfield>
<subfield code="b">BOBST</subfield>
<subfield code="c">Main Collection</subfield>
<subfield code="d">PJ6101.I193 A9 1980z Oversize</subfield>
<subfield code="e">unavailable</subfield>
<subfield code="t">Unavailable</subfield>
<subfield code="f">2</subfield>
<subfield code="g">2</subfield>
<subfield code="h">Y</subfield>
<subfield code="i">0</subfield>
<subfield code="j">MAIN</subfield>
<subfield code="k">0</subfield>
</datafield>
</record>
